
@article{bennettUsersManualEPOCH,
  title = {Users {{Manual}} for the {{EPOCH PIC}} Codes},
  author = {Bennett, Keith and Arber, Tony and Evans, Roger and Bell, Tony},
  pages = {98},
  file = {C\:\\Users\\mirce\\Zotero\\storage\\XE2KVN8U\\Bennett et al. - Users Manual for the EPOCH PIC codes.pdf},
  langid = {english}
}

@book{fleischStudentGuideMaxwell2008,
  title = {A Student's Guide to {{Maxwell}}'s Equations},
  author = {Fleisch, Daniel A.},
  date = {2008},
  publisher = {{Cambridge University Press}},
  location = {{Cambridge, UK ; New York}},
  file = {C\:\\Users\\mirce\\Zotero\\storage\\V7QEDN3D\\Fleisch - 2008 - A student's guide to Maxwell's equations.pdf},
  isbn = {978-0-521-87761-9 978-0-521-70147-1},
  keywords = {Maxwell equations},
  langid = {english},
  note = {OCLC: ocn173182616},
  pagetotal = {134}
}

@book{goldsmithQuasiopticalSystemsGaussian1998,
  title = {Quasioptical Systems: {{Gaussian}} Beam Quasioptical Propagation and Applications},
  shorttitle = {Quasioptical Systems},
  author = {Goldsmith, Paul F.},
  date = {1998},
  publisher = {{IEEE Press}},
  location = {{Piscataway, NJ}},
  isbn = {978-0-412-83940-5 978-0-7803-3439-7},
  langid = {english},
  note = {OCLC: 37519239},
  pagetotal = {412},
  series = {{{IEEE Press}}/{{Chapman}} \& {{Hall Publishers}} Series on Microwave Technology and {{RF}}}
}

@book{jacksonClassicalElectrodynamics1999,
  title = {Classical Electrodynamics},
  author = {Jackson, John David},
  date = {1999},
  edition = {3rd ed},
  publisher = {{Wiley}},
  location = {{New York}},
  isbn = {978-0-471-30932-1},
  keywords = {Electrodynamics},
  pagetotal = {808}
}

@book{mulserHighPowerLasermatter2010,
  title = {High Power Laser-Matter Interaction},
  author = {Mulser, Peter and Bauer, Dieter},
  date = {2010},
  publisher = {{Springer}},
  location = {{Heidelberg ; New York}},
  file = {C\:\\Users\\mirce\\Zotero\\storage\\BWNFK6Q5\\Mulser and Bauer - 2010 - High power laser-matter interaction.pdf},
  isbn = {978-3-540-50669-0},
  keywords = {Effect of radiation on,High power lasers,Laser beams,Laser plasmas,Laser-plasma interactions,Lasererzeugtes Plasma,Lasers,Laserstrahlung,Matter,Plasmawechselwirkung,Ponderomotive force},
  langid = {english},
  note = {OCLC: ocn662259176},
  number = {238},
  pagetotal = {416},
  series = {Springer Tracts in Modern Physics}
}


